<record><leader>00000cas a22000007a 4500</leader><controlfield tag="001">13214008</controlfield><controlfield tag="008">860228d19501990inuwr ne      0    0eng d</controlfield><datafield ind1=" " ind2=" " tag="010"><subfield code="a">sn 86058325 </subfield></datafield><datafield ind1=" " ind2=" " tag="040"><subfield code="a">NPI</subfield><subfield code="b">eng</subfield><subfield code="c">NPI</subfield><subfield code="d">NSD</subfield><subfield code="d">OCLCQ</subfield></datafield><datafield ind1=" " ind2=" " tag="042"><subfield code="a">msc</subfield></datafield><datafield ind1="0" ind2="4" tag="245"><subfield code="a">The Kouts times.</subfield></datafield><datafield ind1=" " ind2=" " tag="260"><subfield code="a">Kouts, Ind. :</subfield><subfield code="b">Porter County Pub. Co.,</subfield><subfield code="c">-1990.</subfield></datafield><datafield ind1=" " ind2=" " tag="300"><subfield code="a">41 v. :</subfield><subfield code="b">ill. ;</subfield><subfield code="c">58 cm.</subfield></datafield><datafield ind1=" " ind2=" " tag="310"><subfield code="a">Weekly</subfield></datafield><datafield ind1="1" ind2=" " tag="362"><subfield code="a">Began on July 14, 1950.</subfield><subfield code="z">Cf. Miller, John W. Indiana newspaper bibliog.</subfield></datafield><datafield ind1="0" ind2=" " tag="362"><subfield code="a">-no. 35 (Aug. 30, 1990).</subfield></datafield><datafield ind1=" " ind2=" " tag="500"><subfield code="a">"Independent Republican."</subfield></datafield><datafield ind1=" " ind2=" " tag="588"><subfield code="a">Description based on: Vol. 7, no. 1 (Jan. 4, 1957).</subfield></datafield><datafield ind1=" " ind2=" " tag="752"><subfield code="a">United States</subfield><subfield code="b">Indiana</subfield><subfield code="c">Porter</subfield><subfield code="d">Kouts.</subfield></datafield><datafield ind1="0" ind2="7" tag="785"><subfield code="t">Porter County herald</subfield><subfield code="w">(DLC)sn 86058320</subfield></datafield><datafield ind1="0" ind2="7" tag="785"><subfield code="t">Herald/times (Hebron, Ind.)</subfield><subfield code="x">1053-6922</subfield><subfield code="w">(DLC)sn 90099368</subfield></datafield><datafield ind1="1" ind2=" " tag="029"><subfield code="a">AU@</subfield><subfield code="b">000023468055</subfield></datafield></record>